{1:F01RZBABA2SAXXX0000000000}{2:I940RZBAATWWXXXXN}{4:
:20:PPU          /260410
:25:1610000123456789
:28C:7
:60F:C260410BAM2373,33
:61:260410C        1408,20NMSC8310939286
:86:INOPR TEMPLATE PARTNER D.O.O. LJUBLJANA 2026-4 X X X

:61:260410D          20,00NMSC8310939286
:86:PROV PO POSLU 0.20% 1/TEMPLATE COMPANY D.O.O.

:61:260410D           1,41NMSC8310939286
:86:PROV PO KONVERZIJI 0.10% 1/TEMPLATE COMPANY D.O.O.

:61:260410C         126,03NMSC8310939460
:86:INOPR PARTNER ABC /ROC/EC2CB27B5D304A3A///URI/PPC/BEL "00

:61:260410D           0,13NMSC8310939460
:86:PROV PO KONVERZIJI 0.10% TEMPLATE COMPANY DOO MOSTAR

:61:260410C         105,15NMSC8310940751
:86:INOPR PARTNER XYZ /ROC/A6CC506F05F24AC6///URI/PPC/BEL "00

:61:260410D           0,11NMSC8310940751
:86:PROV PO KONVERZIJI 0.10% TEMPLATE COMPANY DOO MOSTAR

:62F:C260410BAM3991,06
-}
